@misc{pandasprofiling2019,
  author = {Simon Brugman},
  title = {{pandas-profiling: Exploratory Data Analysis for Python}},
  year = {2019},  
  howpublished = {\url{https://github.com/pandas-profiling/pandas-profiling}},
  note = "Version: 2.X, Accessed: November 5, 2020" 
}

@Manual{PyCaret,
    title = {PyCaret: An open source, low-code machine learning library in Python},
    author = {Moez Ali},
    year = {2020},
    month = {July},
    note = {PyCaret version 2.1},
    url = {https://www.pycaret.org},
}

@article{chen2015xgboost,
  title={Xgboost: extreme gradient boosting},
  author={Chen, Tianqi and He, Tong and Benesty, Michael and Khotilovich, Vadim and Tang, Yuan},
  journal={R package version 0.4-2},
  pages={1--4},
  year={2015}
}

@article{scikit-learn,
 title={Scikit-learn: Machine Learning in {P}ython},
 author={Pedregosa, F. and Varoquaux, G. and Gramfort, A. and Michel, V.
         and Thirion, B. and Grisel, O. and Blondel, M. and Prettenhofer, P.
         and Weiss, R. and Dubourg, V. and Vanderplas, J. and Passos, A. and
         Cournapeau, D. and Brucher, M. and Perrot, M. and Duchesnay, E.},
 journal={Journal of Machine Learning Research},
 volume={12},
 pages={2825--2830},
 year={2011}
}

@article{ho1998random,
  title={The random subspace method for constructing decision forests},
  author={Ho, Tin Kam},
  journal={IEEE transactions on pattern analysis and machine intelligence},
  volume={20},
  number={8},
  pages={832--844},
  year={1998},
  publisher={IEEE}
}

@article{friedman2002stochastic,
  title={Stochastic gradient boosting},
  author={Friedman, Jerome H},
  journal={Computational statistics \& data analysis},
  volume={38},
  number={4},
  pages={367--378},
  year={2002},
  publisher={Elsevier}
}

@article{van2007super,
  title={Super learner},
  author={Van der Laan, Mark J and Polley, Eric C and Hubbard, Alan E},
  journal={Statistical applications in genetics and molecular biology},
  volume={6},
  number={1},
  year={2007},
  publisher={De Gruyter}
}

@book{boehmke2019hands,
  title={Hands-on machine learning with R},
  author={Boehmke, Brad and Greenwell, Brandon M},
  year={2019},
  publisher={CRC Press}
}